@misc{davide,
  author = {Davide Scaramuzza},
  title = {{Tutorial on Event-based Vision for High-Speed Robotics}},
  url = {http://www.rit.edu/kgcoe/iros15workshop/papers/IROS2015-WASRoP-Invited-04-slides.pdf}
}

@article{lichtsteiner2008128,
  title={A 128 $\times$ 128 120dB 15$\mu$s Latency Asynchronous Temporal Contrast Vision Sensor},
  author={Lichtsteiner, Patrick and Posch, Christoph and Delbruck, Tobi},
  journal={IEEE journal of solid-state circuits},
  volume={43},
  number={2},
  pages={566--576},
  year={2008},
  publisher={IEEE}
}
@book{liu2015event,
  title={Event-based neuromorphic systems},
  author={Liu, Shih-Chii and Delbruck, Tobi and Indiveri, Giacomo and Douglas, Rodney and Whatley, Adrian},
  year={2015},
  publisher={John Wiley \& Sons}
}